@inproceedings{Gepetto,
  author    = {C. Costello and
               C. Fournet and
               J. Howell and
               M. Kohlweiss and
               B. Kreuter and
               M. Naehrig and
               B. Parno and
               S. Zahur},
  title     = {Geppetto: Versatile Verifiable Computation},
  booktitle = {2015 {IEEE} Symposium on Security and Privacy, {SP} 2015, San Jose,
               CA, USA, May 17-21, 2015},
  pages     = {253--270},
  year      = {2015},
}
@inproceedings{vnSNARK,
  author    = {E. Ben{-}Sasson and
               A. Chiesa and
               E. Tromer and
               M. Virza},
  title     = {Succinct Non-Interactive Zero Knowledge for a von Neumann Architecture},
  booktitle = {Proceedings of the 23rd {USENIX} Security Symposium, San Diego, CA,
               USA, August 20-22, 2014.},
  pages     = {781--796},
  year      = {2014},
}
@inproceedings{GGPR,
  author    = {R. Gennaro and
               C. Gentry and
               B. Parno and
               M. Raykova},
  title     = {Quadratic Span Programs and Succinct NIZKs without PCPs},
  booktitle = {Advances in Cryptology - {EUROCRYPT} 2013, 32nd Annual International
               Conference on the Theory and Applications of Cryptographic Techniques,
               Athens, Greece, May 26-30, 2013. Proceedings},
  pages     = {626--645},
  year      = {2013},}
@article{Pinocchio,
  author    = {B. Parno and
               J. Howell and
               C. Gentry and
               M. Raykova},
  title     = {Pinocchio: nearly practical verifiable computation},
  journal   = {Commun. {ACM}},
  volume    = {59},
  number    = {2},
  pages     = {103--112},
  year      = {2016},
  url       = {http://doi.acm.org/10.1145/2856449},
  doi       = {10.1145/2856449},
  timestamp = {Thu, 25 Feb 2016 18:39:51 +0100},
  biburl    = {http://dblp.uni-trier.de/rec/bib/journals/cacm/ParnoHG016},
  bibsource = {dblp computer science bibliography, http://dblp.org}
}
@inproceedings{Schnorr,
  author    = {C. Schnorr},
  title     = {Efficient Identification and Signatures for Smart Cards},
  booktitle = {Advances in Cryptology - {CRYPTO} '89, 9th Annual International Cryptology
               Conference, Santa Barbara, California, USA, August 20-24, 1989, Proceedings},
  pages     = {239--252},
  year      = {1989},
  }
  
  @inproceedings{BCGTV15,
  author    = {E. Ben{-}Sasson and
               A. Chiesa and
               M. Green and
               E. Tromer and
               M. Virza},
  title     = {Secure Sampling of Public Parameters for Succinct Zero Knowledge Proofs},
  booktitle = {2015 {IEEE} Symposium on Security and Privacy, {SP} 2015, San Jose,
               CA, USA, May 17-21, 2015},
  pages     = {287--304},
  year      = {2015},}
  @inproceedings{BCPR14,
  author    = {N. Bitansky and
               R. Canetti and
               O. Paneth and
               A. Rosen},
  title     = {On the existence of extractable one-way functions},
  booktitle = {Symposium on Theory of Computing, {STOC} 2014, New York, NY, USA,
               May 31 - June 03, 2014},
  pages     = {505--514},
  year      = {2014},}
 @article{CGGN,
  author    = {M. Campanelli and R. Gennaro and S. Goldfeder and L. Nizzardo},
  title     = {Zero-Knowledge Contingent Payments Revisited: Attacks and Payments for Services},
  journal   = {Commun. {ACM}},
  year      = {2017},
} 


@article{spec,
  author    = {D. Hopwood and
               S. Bowe and
               T. Hornby and
               N. Wilcox},
  title     = {Zcash protocol spec - https://github.com/zcash/zips/blob/master/protocol/protocol.pdf},
  url       = {https://github.com/zcash/zips/blob/master/protocol/protocol.pdf},
}
@article{BFS16,
  author    = {M. Bellare and
               G. Fuchsbauer and
               A. Scafuro},
  title     = {NIZKs with an Untrusted {CRS:} Security in the Face of Parameter Subversion},
  journal   = {{IACR} Cryptology ePrint Archive},
  volume    = {2016},
  pages     = {372},
  year      = {2016},
  url       = {http://eprint.iacr.org/2016/372},
  timestamp = {Thu, 08 Jun 2017 14:26:35 +0200},
  biburl    = {http://dblp.uni-trier.de/rec/bib/journals/iacr/BellareFS16},
  bibsource = {dblp computer science bibliography, http://dblp.org}
}
@article{F17,
  author    = {G. Fuchsbauer},
  title     = {Subversion zero-knowledge SNARKs},
  year      = {2017},
}


@article{ABLZ17,
  author    = {B. Abdolmaleki and K. Baghery and H. Lipmaa and M. ZajÄ…c},
  title     = {A Subversion-Resistant SNARK},
  year      = {2017},
}
@misc{zcash,
  author = {Zcash}
  title = {https://www.z.cash},
 }
@misc{zcashceremony,
  author = {Z. Wilcox},
  title = {https://z.cash/blog/the-design-of-the-ceremony.html},
 }
@misc{libsnark,
  title = {https://github.com/scipr-lab/libsnark,https://github.com/zcash/libsnark},
 }
 
@article{SecondMPC,
    author = {S. Bowe and A. Gabizon and I. Miers},
    title = {Scalable Multi-party Computation for zk-SNARK Parameters in the Random Beacon Model},
    url = {http://eprint.iacr.org/2017/1050},
    year = {2017}
}



@inproceedings{FKMV12,
  author    = {S. Faust and
               M. Kohlweiss and
               G. Azzurra Marson and
               D. Venturi},
  title     = {On the Non-malleability of the Fiat-Shamir Transform},
  booktitle = {Progress in Cryptology - {INDOCRYPT} 2012, 13th International Conference
               on Cryptology in India, Kolkata, India, December 9-12, 2012. Proceedings},
  pages     = {60--79},
  year      = {2012},
  }